
@misc{etsi_gsm_1999,
	title = {{GSM} 03.38 version 7.2.0 {Release} 1998: {Alphabets} and language-specific information},
	url = {http://www.etsi.org/deliver/etsi_ts/100900_100999/100900/07.02.00_60/ts_100900v070200p.pdf},
	urldate = {2015-05-22},
	author = {ETSI},
	month = jul,
	year = {1999},
	file = {TS 100 900 - V07.02.00 - Digital cellular telecommunications system (Phase 2+)\; Alphabets and language-specific information (GSM 03.38 version 7.2.0 Release 1998) - ts_100900v070200p.pdf:/home/francois/.mozilla/firefox/7ozfo0jj.default/zotero/storage/AFITT7MN/ts_100900v070200p.pdf:application/pdf}
}

@misc{3gpp_ts_2015,
	title = {{TS} 23.002 version 12.6.0 {Release} 12: {Network} architecture},
	url = {http://www.etsi.org/deliver/etsi_ts/123000_123099/123002/12.06.00_60/ts_123002v120600p.pdf},
	urldate = {2015-05-11},
	author = {3GPP},
	month = jan,
	year = {2015},
	file = {TS 123 002 - V12.6.0 - Digital cellular telecommunications system (Phase 2+)\; Universal Mobile Telecommunications System (UMTS)\; LTE\; Network architecture (3GPP TS 23.002 version 12.6.0 Release 12) - ts_123002v120600p.pdf:/home/francois/.mozilla/firefox/7ozfo0jj.default/zotero/storage/WZG57MSZ/ts_123002v120600p.pdf:application/pdf}
}

@misc{3gpp_specifications_????,
	title = {Specifications},
	howpublished = {\url{http://www.3gpp.org/specifications}},
	note = {Accessed: 2015-05-11},
	author = {3GPP},
	file = {Specifications:/home/francois/.mozilla/firefox/7ozfo0jj.default/zotero/storage/QINPSN4X/specifications.html:text/html}
}

@misc{etsi_gsm_2001,
	title = {{GSM} 01.02 version 6.0.1 {Release} 1997: {General} description of a {GSM} {Public} {Land} {Mobile} {Network} ({PLMN})},
	url = {http://www.etsi.org/deliver/etsi_ts/101600_101699/101622/06.00.01_60/ts_101622v060001p.pdf},
	urldate = {2015-05-12},
	author = {ETSI},
	month = feb,
	year = {2001},
	file = {TS 101 622 - V6.0.1 - Digital cellular telecommunications system (Phase 2+)\; General description of a GSM Public Land Mobile Network (PLMN) (GSM 01.02 version 6.0.1 Release 1997) - ts_101622v060001p.pdf:/home/francois/.mozilla/firefox/7ozfo0jj.default/zotero/storage/ZK8JTTTR/ts_101622v060001p.pdf:application/pdf}
}

@misc{3gpp_ts_2006,
	title = {{TS} 42.009 version 4.1.0 {Release} 4: {Security} aspects},
	author = {3GPP},
	month = jun,
	year = {2006},
}

@misc{etsi_gsm_1992,
	title = {{GSM} 11.31 version 3.2.1 {Release} 1992 {Phase} 1: {Home} {Location} {Register} {Specification}},
	url = {http://www.etsi.org/deliver/etsi_gts/11/1131/03.02.01_60/gsmts_1131sv030201p.pdf},
	urldate = {2015-05-12},
	author = {ETSI},
	month = feb,
	year = {1992},
	file = {GSM 11.31 - Version 3.2.1 - European Digital Cellular Telecommunications System (phase 1)\; Home Location Register Specification - gsmts_1131sv030201p.pdf:/home/francois/.mozilla/firefox/7ozfo0jj.default/zotero/storage/495MPF44/gsmts_1131sv030201p.pdf:application/pdf}
}

@misc{etsi_gsm_1992-1,
	title = {{GSM} 11.32 version 3.2.1 {Release} 92 {Phase} 1: {Visitor} {Location} {Register} {Specification}},
	url = {http://www.etsi.org/deliver/etsi_gts/11/1132/03.02.01_60/gsmts_1132sv030201p.pdf},
	urldate = {2015-05-12},
	author = {ETSI},
	month = feb,
	year = {1992},
	file = {GSM 11.32 - Version 3.2.1 - European Digital Cellular Telecommunications System (phase 1)\; Visitor Location Register Specification - gsmts_1132sv030201p.pdf:/home/francois/.mozilla/firefox/7ozfo0jj.default/zotero/storage/9XF7F5KG/gsmts_1132sv030201p.pdf:application/pdf}
}

@misc{3gpp_ts_2002,
	title = {{TS} 08.52 version 8.0.1 {Release} 1999: {Base} {Station} {Controller} - {Base} {Tranceiver} {Station} ({BSC}-{BTS}) interface; {Interface} principles},
	url = {http://www.etsi.org/deliver/etsi_ts/100500_100599/100593/08.00.01_60/ts_100593v080001p.pdf},
	urldate = {2015-05-12},
	author = {3GPP},
	month = may,
	year = {2002},
	file = {TS 100 593 - V8.0.1 - Digital cellular telecommunications system (Phase 2+)\; Base Station Controller - Base Tranceiver Station (BSC-BTS) interface\; Interface principles (3GPP TS 08.52 version 8.0.1 Release 1999) - ts_100593v080001p.pdf:/home/francois/.mozilla/firefox/7ozfo0jj.default/zotero/storage/349QJABD/ts_100593v080001p.pdf:application/pdf}
}

@misc{3gpp_ts_2014,
	title = {{TS} 22.016 version 12.0.0 {Release} 12: {International} {Mobile} station {Equipment} {Identities} ({IMEI})},
	url = {http://www.etsi.org/deliver/etsi_ts/122000_122099/122016/12.00.00_60/ts_122016v120000p.pdf},
	urldate = {2015-05-13},
	author = {3GPP},
	month = oct,
	year = {2014},
	file = {TS 122 016 - V12.0.0 - Digital cellular telecommunications system (Phase 2+)\; Universal Mobile Telecommunications System (UMTS)\; LTE\; International Mobile station Equipment Identities (IMEI) (3GPP TS 22.016 version 12.0.0 Release 12) - ts_122016v120000p.pdf:/home/francois/.mozilla/firefox/7ozfo0jj.default/zotero/storage/XSDXA23I/ts_122016v120000p.pdf:application/pdf}
}

@misc{etsi_gsm_2000,
	title = {{GSM} 02.17 version 8.0.0 {Release} 1999: {Subscriber} {Identity} {Modules} ({SIM}); {Functional} characteristics},
	url = {http://www.etsi.org/deliver/etsi_ts/100900_100999/100922/08.00.00_60/ts_100922v080000p.pdf},
	urldate = {2015-05-13},
	author = {ETSI},
	month = apr,
	year = {2000},
	file = {TS 100 922 - V8.0.0 - Digital cellular telecommunications system (Phase 2+)\; Subscriber Identity Modules (SIM)\; Functional characteristics (GSM 02.17 version 8.0.0 Release 1999) - ts_100922v080000p.pdf:/home/francois/.mozilla/firefox/7ozfo0jj.default/zotero/storage/KNHS7VGD/ts_100922v080000p.pdf:application/pdf}
}

@misc{3gpp_ts_2003,
	title = {{TS} 03.03 version 7.8.0 {Release} 1998: {Numbering}, addressing and identification},
	url = {http://www.etsi.org/deliver/etsi_ts/100900_100999/100927/07.08.00_60/ts_100927v070800p.pdf},
	urldate = {2015-05-13},
	author = {3GPP},
	month = sep,
	year = {2003},
	file = {TS 100 927 - V7.8.0 - Digital cellular telecommunications system (Phase 2+)\; Numbering, addressing and identification (3GPP TS 03.03 version 7.8.0 Release 1998) - ts_100927v070800p.pdf:/home/francois/.mozilla/firefox/7ozfo0jj.default/zotero/storage/8WMBHC9S/ts_100927v070800p.pdf:application/pdf}
}

@misc{3gpp_ts_2001,
	title = {{TS} 03.40 version 7.5.0 {Release} 1998: {Technical} realization of the {Short} {Message} {Service} ({SMS}) {Point}-to-{Point} ({PP})},
	url = {http://www.etsi.org/deliver/etsi_ts/100900_100999/100901/07.05.00_60/ts_100901v070500p.pdf},
	urldate = {2015-05-13},
	author = {3GPP},
	month = dec,
	year = {2001},
	file = {TS 100 901 - V7.5.0 - Digital cellular telecommunications system (Phase 2+)\; Technical realization of the Short Message Service (SMS) Point-to-Point (PP) (3GPP TS 03.40 version 7.5.0 Release 1998) - ts_100901v070500p.pdf:/home/francois/.mozilla/firefox/7ozfo0jj.default/zotero/storage/6DDTT82W/ts_100901v070500p.pdf:application/pdf}
}

@misc{3gpp_ts_2000,
	title = {{TS} 23.122 version 3.4.2 {Release} 1999: {NAS} {Functions} related to {Mobile} {Station} ({MS}) in idle mode},
	url = {http://www.etsi.org/deliver/etsi_ts/123100_123199/123122/03.04.02_60/ts_123122v030402p.pdf},
	urldate = {2015-05-13},
	author = {3GPP},
	month = nov,
	year = {2000},
	file = {TS 123 122 - V3.4.2 - Universal Mobile Telecommunications System (UMTS)\; NAS Functions related to Mobile Station (MS) in idle mode (3GPP TS 23.122 version 3.4.2 Release 1999) - ts_123122v030402p.pdf:/home/francois/.mozilla/firefox/7ozfo0jj.default/zotero/storage/SUAE6RG8/ts_123122v030402p.pdf:application/pdf}
}

@misc{3gpp_ts_2014-1,
	title = {{TS} 43.022 version 12.0.0 {Release} 12: {Functions} related to {Mobile} {Station} ({MS}) in idle mode and group receive mode},
	url = {http://www.etsi.org/deliver/etsi_ts/143000_143099/143022/12.00.00_60/ts_143022v120000p.pdf},
	urldate = {2015-05-13},
	author = {3GPP},
	month = oct,
	year = {2014},
	file = {TS 143 022 - V12.0.0 - Digital cellular telecommunications system (Phase 2+)\; Functions related to Mobile Station (MS) in idle mode and group receive mode (3GPP TS 43.022 version 12.0.0 Release 12) - ts_143022v120000p.pdf:/home/francois/.mozilla/firefox/7ozfo0jj.default/zotero/storage/CU33S5XV/ts_143022v120000p.pdf:application/pdf}
}

@misc{3gpp_ts_2015-1,
	title = {{TS} 29.002 version 12.7.0 {Release} 12: {Mobile} {Application} {Part} ({MAP}) specification},
	url = {http://www.etsi.org/deliver/etsi_ts/129000_129099/129002/12.07.00_60/ts_129002v120700p.pdf},
	urldate = {2015-05-25},
	author = {3GPP},
	month = jan,
	year = {2015},
	file = {TS 129 002 - V12.7.0 - Digital cellular telecommunications system (Phase 2+)\; Universal Mobile Telecommunications System (UMTS)\; Mobile Application Part (MAP) specification (3GPP TS 29.002 version 12.7.0 Release 12) - ts_129002v120700p.pdf:/home/francois/.mozilla/firefox/7ozfo0jj.default/zotero/storage/NWEA7M7A/ts_129002v120700p.pdf:application/pdf}
}

@misc{3gpp_ts_2014-2,
	title = {{TS} 44.001 version 12.0.0 {Release} 12: {Mobile} {Station} - {Base} {Station} {System} ({MS} - {BSS}) interface; {General} aspects and principles},
	url = {http://www.etsi.org/deliver/etsi_ts/144000_144099/144001/12.00.00_60/ts_144001v120000p.pdf},
	urldate = {2015-06-03},
	author = {3GPP},
	month = oct,
	year = {2014},
	file = {TS 144 001 - V12.0.0 - Digital cellular telecommunications system (Phase 2+)\; Mobile Station - Base Station System (MS - BSS) interface\; General aspects and principles (3GPP TS 44.001 version 12.0.0 Release 12) - ts_144001v120000p.pdf:/home/francois/.mozilla/firefox/7ozfo0jj.default/zotero/storage/2Z4MDJ3U/ts_144001v120000p.pdf:application/pdf}
}

@misc{3gpp_ts_2014-3,
	title = {{TS} 44.003 version 12.0.0 {Release} 12:  {Mobile} {Station} - {Base} {Station} {System} ({MS} - {BSS}) {Interface} {Channel} {Structures} and {Access} {Capabilities}},
	url = {http://www.etsi.org/deliver/etsi_ts/144000_144099/144003/12.00.00_60/ts_144003v120000p.pdf},
	urldate = {2015-06-03},
	author = {3GPP},
	month = sep,
	year = {2014},
	file = {TS 144 003 - V12.0.0 - Digital cellular telecommunications system (Phase 2+)\; Mobile Station - Base Station System (MS - BSS) Interface Channel Structures and Access Capabilities (3GPP TS 44.003 version 12.0.0 Release 12) - ts_144003v120000p.pdf:/home/francois/.mozilla/firefox/7ozfo0jj.default/zotero/storage/Z6HNGKH2/ts_144003v120000p.pdf:application/pdf}
}

@misc{3gpp_ts_2014-4,
	title = {{TS} 44.004 version 12.0.0 {Release} 12: {Layer} 1; {General} {Requirements}},
	url = {http://www.etsi.org/deliver/etsi_ts/144000_144099/144004/12.00.00_60/ts_144004v120000p.pdf},
	urldate = {2015-06-03},
	author = {3GPP},
	month = oct,
	year = {2014},
	file = {TS 144 004 - V12.0.0 - Digital cellular telecommunications system (Phase 2+)\; Layer 1\; General Requirements (3GPP TS 44.004 version 12.0.0 Release 12) - ts_144004v120000p.pdf:/home/francois/.mozilla/firefox/7ozfo0jj.default/zotero/storage/R62CTWSS/ts_144004v120000p.pdf:application/pdf}
}

@misc{3gpp_ts_2014-5,
	title = {{TS} 44.005 version 12.0.0 {Release} 12: {Data} {Link} ({DL}) {Layer}; {General} aspects},
	url = {http://www.etsi.org/deliver/etsi_ts/144000_144099/144005/12.00.00_60/ts_144005v120000p.pdf},
	urldate = {2015-06-03},
	author = {3GPP},
	month = sep,
	year = {2014},
	file = {TS 144 005 - V12.0.0 - Digital cellular telecommunications system (Phase 2+)\; Data Link (DL) Layer\; General aspects (3GPP TS 44.005 version 12.0.0 Release 12) - ts_144005v120000p.pdf:/home/francois/.mozilla/firefox/7ozfo0jj.default/zotero/storage/RBBJCXXR/ts_144005v120000p.pdf:application/pdf}
}

@misc{3gpp_ts_2015-2,
	title = {{TS} 44.018 version 12.5.0 {Release} 12: {Mobile} radio interface layer 3 specification; {Radio} {Resource} {Control} ({RRC}) protocol},
	url = {http://www.etsi.org/deliver/etsi_ts/144000_144099/144018/12.05.00_60/ts_144018v120500p.pdf},
	urldate = {2015-06-03},
	author = {3GPP},
	month = apr,
	year = {2015},
	file = {TS 144 018 - V12.5.0 - Digital cellular telecommunications system (Phase 2+)\; Mobile radio interface layer 3 specification\; Radio Resource Control (RRC) protocol (3GPP TS 44.018 version 12.5.0 Release 12) - ts_144018v120500p.pdf:/home/francois/.mozilla/firefox/7ozfo0jj.default/zotero/storage/4Q4SG9RE/ts_144018v120500p.pdf:application/pdf}
}

@misc{etsi_gsm_1997,
	title = {{GSM} 04.04 version 5.0.1: {Layer} 1 {General} requirements},
	url = {http://www.etsi.org/deliver/etsi_i_ets/300900_300999/300936/01_60/ets_300936e01p.pdf},
	urldate = {2015-06-03},
	author = {ETSI},
	month = apr,
	year = {1997},
	file = {ETS 300 936 - Digital cellular telecommunications system\; Layer 1 General requirements (GSM 04.04 version 5.0.1) - ets_300936e01p.pdf:/home/francois/.mozilla/firefox/7ozfo0jj.default/zotero/storage/JD5D3SCE/ets_300936e01p.pdf:application/pdf}
}

@misc{3gpp_ts_2015-3,
	title = {{TS} 45.001 version 12.1.0 {Release} 12: {Physical} layer on the radio path; {General} description},
	url = {http://www.etsi.org/deliver/etsi_ts/145000_145099/145001/12.01.00_60/ts_145001v120100p.pdf},
	urldate = {2015-06-03},
	author = {3GPP},
	month = jan,
	year = {2015},
	file = {TS 145 001 - V12.1.0 - Digital cellular telecommunications system (Phase 2+)\; Physical layer on the radio path\; General description (3GPP TS 45.001 version 12.1.0 Release 12) - ts_145001v120100p.pdf:/home/francois/.mozilla/firefox/7ozfo0jj.default/zotero/storage/FUJ2XQAQ/ts_145001v120100p.pdf:application/pdf}
}

@misc{3gpp_ts_2015-4,
	title = {{TS} 45.002 version 12.4.0 {Release} 12: {Multiplexing} and multiple access on the radio path},
	url = {http://www.etsi.org/deliver/etsi_ts/145000_145099/145002/12.04.00_60/ts_145002v120400p.pdf},
	urldate = {2015-06-03},
	author = {3GPP},
	month = apr,
	year = {2015},
	file = {TS 145 002 - V12.4.0 - Digital cellular telecommunications system (Phase 2+)\; Multiplexing and multiple access on the radio path (3GPP TS 45.002 version 12.4.0 Release 12) - ts_145002v120400p.pdf:/home/francois/.mozilla/firefox/7ozfo0jj.default/zotero/storage/89SPXKH4/ts_145002v120400p.pdf:application/pdf}
}

@misc{3gpp_ts_2014-6,
	title = {{TS} 24.007 version 12.0.0 {Release} 12: {Mobile} radio interface signalling layer 3; {General} {Aspects}},
	url = {http://www.etsi.org/deliver/etsi_ts/124000_124099/124007/12.00.00_60/ts_124007v120000p.pdf},
	urldate = {2015-06-03},
	author = {3GPP},
	month = oct,
	year = {2014},
	file = {TS 124 007 - V12.0.0 - Digital cellular telecommunications system (Phase 2+)\; Universal Mobile Telecommunications System (UMTS)\; LTE\; Mobile radio interface signalling layer 3\; General Aspects (3GPP TS 24.007 version 12.0.0 Release 12) - ts_124007v120000p.pdf:/home/francois/.mozilla/firefox/7ozfo0jj.default/zotero/storage/V79SKBTU/ts_124007v120000p.pdf:application/pdf}
}

@misc{3gpp_ts_2015-5,
	title = {{TS} 24.008 version 12.9.0 {Release} 12: {Mobile} radio interface {Layer} 3 specification;  {Core} network protocols;  {Stage} 3},
	url = {http://www.etsi.org/deliver/etsi_ts/124000_124099/124008/12.09.00_60/ts_124008v120900p.pdf},
	urldate = {2015-06-03},
	author = {3GPP},
	month = apr,
	year = {2015},
	file = {ETSI TS 124 008 V12.9.0 - ts_124008v120900p.pdf:/home/francois/.mozilla/firefox/7ozfo0jj.default/zotero/storage/7AR9IZFW/ts_124008v120900p.pdf:application/pdf}
}

@misc{3gpp_ts_2014-7,
	title = {{TS} 24.011 version 12.0.0 {Release} 12: {Point}-to-{Point} ({PP}) {Short} {Message} {Service} ({SMS}) support on mobile radio interface},
	url = {http://www.etsi.org/deliver/etsi_ts/124000_124099/124011/12.00.00_60/ts_124011v120000p.pdf},
	urldate = {2015-06-03},
	author = {3GPP},
	month = oct,
	year = {2014},
	file = {TS 124 011 - V12.0.0 - Digital cellular telecommunications system (Phase 2+)\; Universal Mobile Telecommunications System (UMTS)\; LTE\; Point-to-Point (PP) Short Message Service (SMS) support on mobile radio interface (3GPP TS 24.011 version 12.0.0 Release 12) - ts_124011v120000p.pdf:/home/francois/.mozilla/firefox/7ozfo0jj.default/zotero/storage/9UVD7MT2/ts_124011v120000p.pdf:application/pdf}
}

@misc{3gpp_ts_2014-8,
	title = {{TS} 43.022 version 12.0.0 {Release} 12: {Functions} related to {Mobile} {Station} ({MS}) in idle mode and group receive mode},
	author = {3GPP},
	month = oct,
	year = {2014},
}
