
@misc{wikimedia_commons_key_2009,
	title = {Key elements of the structure of a {GSM} network},
	howpublished = {\url{https://commons.wikimedia.org/wiki/File:Gsm\_structures.svg}},
	note = {Accessed: 2015-05-11},
	author = {Wikimedia Commons},
	month = dec,
	year = {2009},
	file = {File\:Gsm structures.svg - Wikimedia Commons:/home/francois/.mozilla/firefox/7ozfo0jj.default/zotero/storage/C44DUSG6/FileGsm_structures.html:text/html}
}

@misc{welte_annotated_2010,
	title = {Annotated {PCB} of a {Motorola} {C}123 phone},
	howpublished = {\url{http://bb.osmocom.org/trac/attachment/wiki/MotorolaC123/c123\_pcb.jpg}},
	note = {Accessed: 2015-05-27},
	author = {Welte, Harald},
	year = {2010},
	file = {c123_pcb.jpg on MotorolaC123 – Attachment – OsmocomBB:/home/francois/.mozilla/firefox/7ozfo0jj.default/zotero/storage/I2E2FW5R/c123_pcb.html:text/html}
}
