
@article{morris_frances_2015,
	title = {France's operators sign accord to cover all mobile 'not spots' by 2020},
	howpublished = {\url{http://www.fiercewireless.com/europe/story/frances-operators-sign-accord-cover-all-mobile-not-spots-2020/2015-05-22?utm_medium=rss&utm_source=rss&utm_campaign=rss}},
	journal = {FierceWireless},
	author = {Morris, Anne},
	month = may,
	year = {2015},
	file = {France's operators sign accord to cover all mobile 'not spots' by 2020 - FierceWireless\:Europe:/home/francois/.mozilla/firefox/7ozfo0jj.default/zotero/storage/7BKMF8K2/2015-05-22.html:text/html}
}

@article{belgium:_2015,
	title = {Belgium: hanging up on the phone booth},
	howpublished = {\url{http://www.euronews.com/2015/06/01/belgium-hanging-up-on-the-phone-booth/}},
	journal = {euronews},
	author = {Euronews},
	month = jun,
	year = {2015},
	file = {Belgium\: hanging up on the phone booth | euronews, world news:/home/francois/.mozilla/firefox/7ozfo0jj.default/zotero/storage/VJHK6NXC/belgium-hanging-up-on-the-phone-booth.html:text/html}
}

@article{cox_20_2012,
	title = {20 years of {GSM} digital mobile phones},
	howpublished = {\url{http://www.theregister.co.uk/2012/11/09/20_years_of_gsm_digital_phones/}},
	journal = {The Register},
	author = {Cox, Caleb},
	month = nov,
	year = {2012},
	file = {20 years of GSM digital mobile phones • The Register:/home/francois/.mozilla/firefox/7ozfo0jj.default/zotero/storage/8XAP2VBX/20_years_of_gsm_digital_phones.html:text/html}
}

@article{goldstein_facebook_2015,
	title = {Facebook launches {Facebook} {Lite} app designed for {2G} networks in emerging markets},
	howpublished = {\url{http://www.fiercewireless.com/story/facebook-launches-facebook-lite-app-designed-2g-networks-emerging-markets/2015-01-27}},
	journal = {FierceWireless},
	author = {Goldstein, Phil},
	month = jan,
	year = {2015},
	file = {Facebook launches Facebook Lite app designed for 2G networks in emerging markets - FierceWireless:/home/francois/.mozilla/firefox/7ozfo0jj.default/zotero/storage/M8H8526H/2015-01-27.html:text/html}
}

@article{swami_exclusive:_2015,
	title = {Exclusive: {Competitors} doing better, so {Skype} to roll out made-for-{India} app},
	howpublished = {\url{http://indianexpress.com/article/technology/social/exclusive-skype-to-roll-out-made-for-india-app/}},
	journal = {The Indian Express},
	author = {Swami, Praveen},
	month = apr,
	year = {2015},
	file = {Exclusive\: Competitors doing better, so Skype to roll out made-for-India app | The Indian Express:/home/francois/.mozilla/firefox/7ozfo0jj.default/zotero/storage/HCEAMTNV/exclusive-skype-to-roll-out-made-for-india-app.html:text/html}
}

@article{carroll_telenor_2015,
	title = {Telenor {Norway} will ditch {3G} before {2G}, as {LTE} rollouts gather pace in northern territories},
	howpublished = {\url{http://www.fiercewireless.com/europe/story/telenor-norway-will-ditch-3g-2g-lte-rollouts-gather-pace-northern-territori/2015-06-03?utm_medium=rss&utm_source=rss&utm_campaign=rss}},
	journal = {FierceWireless},
	author = {Carroll, Michael},
	month = jun,
	year = {2015},
	file = {Telenor Norway will ditch 3G before 2G, as LTE rollouts gather pace in northern territories - FierceWireless\:Europe:/home/francois/.mozilla/firefox/7ozfo0jj.default/zotero/storage/FVI4883M/2015-06-03.html:text/html}
}

@article{wiacek_netmonitor_2002,
	title = {{NetMonitor} in {Nokia} {DCT}1-{DCT}3 phones (part 1/7)},
	howpublished = {\url{http://www.mwiacek.com/www/?q=node/114#1}},
	journal = {Marcin's page},
	author = {Wiacek, Marcin},
	month = oct,
	year = {2002},
	file = {NetMonitor in Nokia DCT1-DCT3 phones (part 1/7) (2002) | Marcin's page ON-LINE:/home/francois/.mozilla/firefox/7ozfo0jj.default/zotero/storage/TRUZ5DFS/www.html:text/html}
}

@misc{index_????,
	title = {Index of /{MADos}/},
	howpublished = {\url{http://tudor.rdslink.ro/MADos/}},
	note = {Accessed: 2015-06-04},
	file = {Index of /MADos/:/home/francois/.mozilla/firefox/7ozfo0jj.default/zotero/storage/QDCKUAAF/MADos.html:text/html}
}

@misc{gsm_2009,
	title = {The {GSM} {Software} {Project}},
	howpublished = {\url{https://web.archive.org/web/20090805213220/http://wiki.thc.org/gsm}},
	note = {Accessed: 2015-06-04},
	author = {THC Wiki},
	month = aug,
	year = {2009},
	file = {gsm - THC Wiki:/home/francois/.mozilla/firefox/7ozfo0jj.default/zotero/storage/8CE3NB2R/gsm.html:text/html}
}

@misc{opentsm_2009,
	title = {The {OpenTSM} {Project}},
	howpublished = {\url{https://web.archive.org/web/20090728024300/http://wiki.thc.org/gsm/opentsm}},
	note = {Accessed: 2015-06-04},
	author = {THC Wiki},
	month = jul,
	year = {2009},
	file = {gsm/opentsm - THC Wiki:/home/francois/.mozilla/firefox/7ozfo0jj.default/zotero/storage/AQ8T5EEN/opentsm.html:text/html}
}

@misc{roura_proyecto_2005,
	title = {Proyecto {TuxSM}},
	howpublished = {\url{http://albertoroura.com/proyecto-tuxsm/}},
	note = {Accessed: 2015-06-04},
	author = {Roura, Alberto},
	month = jan,
	year = {2005},
	file = {» Proyecto TuxSM:/home/francois/.mozilla/firefox/7ozfo0jj.default/zotero/storage/9SQZVH68/proyecto-tuxsm.html:text/html}
}

@misc{texas_instruments_hercrom400g2_2000,
	title = {{HERCROM}400G2 {Calypso} {Specification}},
	howpublished = {\url{http://cryptome.org/ti-calypso1.pdf}},
	note = {Accessed: 2015-06-04},
	author = {Texas Instruments},
	month = feb,
	year = {2000},
	file = {CAL000.PDF - ti-calypso1.pdf:/home/francois/.mozilla/firefox/7ozfo0jj.default/zotero/storage/TH9J6XEI/ti-calypso1.pdf:application/pdf}
}

@misc{texas_instruments_hercrom400g2_2000-1,
	title = {{HERCROM}400G2 {Calypso}: {Register} {Mapping} {Specification}},
	howpublished = {\url{http://www.proxmark.org/files/Documents/13.56%20MHz%20-%20Calypso/ti-calypso2.pdf}},
	note = {Accessed: 2015-06-04},
	author = {Texas Instruments},
	month = may,
	year = {2000},
	file = {ti-calypso2.pdf:/home/francois/.mozilla/firefox/7ozfo0jj.default/zotero/storage/G8ER3FB7/ti-calypso2.pdf:application/pdf}
}

@misc{sokolov_sharing_2011,
	title = {Sharing {TSM}30 source},
	howpublished = {\url{http://lists.openmoko.org/pipermail/community/2011-November/065731.html}},
	note = {Accessed: 2015-06-04},
	author = {Sokolov, Michael},
	month = nov,
	year = {2011},
	file = {Sharing TSM30 source:/home/francois/.mozilla/firefox/7ozfo0jj.default/zotero/storage/AFHUPQPW/065731.html:text/html}
}

@misc{kraken_????,
	note = {Accessed: 2015-06-04},
	title = {{Git} repository},
	author = {Kraken},
	howpublished = {\url{git://git.srlabs.de/kraken.git}}
}

@misc{srlabs_wiki_????,
	title = {Wiki - {A}5/1 {Decryption}},
	howpublished = {\url{https://opensource.srlabs.de/projects/a51-decrypt}},
	note = {Accessed: 2015-06-04},
	journal = {SRLabs Open Source Projects},
	author = {Security Research Labs},
	file = {Wiki - A5/1 Decryption - SRLabs Open Source Projects:/home/francois/.mozilla/firefox/7ozfo0jj.default/zotero/storage/JQ3Z64NB/a51-decrypt.html:text/html}
}

@misc{srlabs_decrypting_????,
	title = {Decrypting {GSM} phone calls},
	howpublished = {\url{https://srlabs.de/decrypting_gsm/}},
	note = {Accessed: 2015-06-04},
	author = {Security Research Labs},
	file = {Decrypting GSM phone calls | Security Research Labs:/home/francois/.mozilla/firefox/7ozfo0jj.default/zotero/storage/EKXBEXCF/decrypting_gsm.html:text/html}
}

@misc{airprobe_????,
	title = {Welcome to AirProbe},
	author = {AirProbe Wiki},
	howpublished = {\url{https://svn.berlin.ccc.de/projects/airprobe/}},
	note = {Accessed: 2015-06-04},
	file = {airprobe:/home/francois/.mozilla/firefox/7ozfo0jj.default/zotero/storage/7CUBR67P/airprobe.html:text/html}
}

@book{sommerville_software_2007,
	address = {Harlow, England ; New York},
	edition = {8th ed},
	series = {International computer science series},
	title = {Software engineering},
	isbn = {0321313798},
	publisher = {Addison-Wesley},
	author = {Sommerville, Ian},
	year = {2007},
	keywords = {Software engineering}
}
