
@misc{security_research_labs_mobile_2015,
	title = {Mobile network security report: {Norway}},
	howpublished = {\url{http://gsmmap.org/assets/pdfs/gsmmap.org-country_report-Norway-2015-02.pdf}},
	note = {Accessed: 2015-05-23},
	author = {Security Research Labs},
	month = feb,
	year = {2015},
	file = {Mobile network security report\: Norway - gsmmap.org-country_report-Norway-2015-02.pdf:/home/francois/.mozilla/firefox/7ozfo0jj.default/zotero/storage/TII7J7WA/gsmmap.org-country_report-Norway-2015-02.pdf:application/pdf}
}

@misc{stevenson_[a51]_2010,
	title = {[{A}51] {The} call of {Kraken}},
	howpublished = {\url{https://lists.srlabs.de/pipermail/a51/2010-July/000683.html}},
	note = {Accessed: 2015-02-09},
	author = {Stevenson, Frank A.},
	month = jul,
	year = {2010},
	file = {[A51] The call of Kraken:/home/francois/.mozilla/firefox/7ozfo0jj.default/zotero/storage/7KIM68RH/000683.html:text/html}
}

@unpublished{munaut_wideband_2010,
	address = {Berlin Congress Center, Berlin, Germany},
	note = {27th Chaos Communication Congress, Berlin, Germany},
	title = {Wideband {GSM} {Sniffing}},
	author = {Munaut, Sylvain and Nohl, Karsten},
	month = dec,
	year = {2010},
	keywords = {27C3},
	file = {27C3\: Wideband GSM Sniffing:/home/francois/.mozilla/firefox/7ozfo0jj.default/zotero/storage/JK8MN8P4/4208.en.html:text/html}
}

@misc{osmocombb_2015,
	title = {{OsmocomBB}},
	howpublished = {\url{http://bb.osmocom.org/}},
	note = {Accessed: 2015-02-11},
	file = {OsmocomBB:/home/francois/.mozilla/firefox/7ozfo0jj.default/zotero/storage/WP8DG9FR/trac.html:text/html}
}

@misc{nkom,
	title = {Norsk nummerplan for telefon m.m.},
	howpublished = {\url{http://www.nkom.no/npt/numsys/E.164.pdf}},
	note = {Accessed: 2015-06-07},
	author = {Nasjonal kommunikasjonsmyndighet},
	month = jun,
	year = {2015}
}

@misc{osmocombb_overview,
	title = {Overview on OsmocomBB software stack},
	howpublished = {\url{http://bb.osmocom.org/trac/wiki/Software/Overview}}.
	note = {Accessed: 2015-06-07},
	author = {OsmocomBB}
}

@misc{osmocombb_applications,
	title = {Applications},
	howpublished = {\url{http://bb.osmocom.org/trac/wiki/Applications}}.
	note = {Accessed: 2015-06-07},
	author = {OsmocomBB}
}

@misc{osmocombb_osmocon,
	title = {osmocon},
	howpublished = {\url{http://bb.osmocom.org/trac/wiki/osmocon}}.
	note = {Accessed: 2015-06-07},
	author = {OsmocomBB}
}

@misc{melette_gprs_2011,
	address = {Finowfurt, Germany},
	note = {Chaos Communication Camp, Finowfurt, Germany},
	title = {{GPRS} {Intercept}: {Wardriving} your country},
	author = {Melette, Luca and Nohl, Karsten},
	month = aug,
	year = {2011},
	keywords = {ccc11},
	file = {Camp 2011\: GPRS Intercept:/home/francois/.mozilla/firefox/7ozfo0jj.default/zotero/storage/FDS56FIV/4504.en.html:text/html}
}

@article{bosma_eavesdropping_2012,
	title = {Eavesdropping on and decrypting of {GSM} communication using readily available low-cost hardware and free open-source software in practice},
	author = {Bosma, Jeffrey and Soeurt, Joris},
	month = may,
	year = {2012},
	annote = {OsmocomBB: Fail but still interesting},
	annote = {They also didn't find anyone able to do this except for Munaut!},
	annote = {USRP: fail},
	file = {https\://webmail.stud.ntnu.no/?_task=mail&_uid=193&_mbox=INBOX&_action=get&_part=2:/home/francois/.mozilla/firefox/7ozfo0jj.default/zotero/storage/W8ZN9RZW/webmail.stud.ntnu.no.pdf:application/pdf}
}

@inproceedings{kroll_baseband_2012,
	title = {Baseband signal processing framework for the {OsmocomBB} {GSM} {Protocol} {Stack}},
	howpublished = {\url{http://www.iis.ee.ethz.ch/~benkeser/professional/obbphy.pdf}},
	booktitle = {Wireless innovation forum {European} conference on communication technologies and software defined radio},
	author = {Kröll, Harald and Benkeser, Christian and Zwicky, Stefan and Weber, Benjamin and Huang, Qiuting},
	year = {2012},
	file = {obbphy.pdf:/home/francois/.mozilla/firefox/7ozfo0jj.default/zotero/storage/9X25UU5A/obbphy.pdf:application/pdf}
}

@misc{engel_sms_2001,
	address = {Berlin},
	note = {18th Chaos Communication Congress, Berlin, Germany},
	title = {{SMS} \& all its features},
	language = {German},
	author = {Engel, Tobias},
	month = dec,
	year = {2001},
	file = {18C3\: SMS & all its features:/home/francois/.mozilla/firefox/7ozfo0jj.default/zotero/storage/6WNPTTNZ/323.de.html:text/html}
}

@misc{hulton_a5_2007,
	address = {Berlin},
	note = {Chaos Communication Camp, Finowfurt, Germany},
	title = {The {A}5 {Cracking} {Project}},
	author = {Hulton, David and Lackey, Joshua and Schear, Steve},
	month = aug,
	year = {2007},
	file = {Camp 2007\: The A5 Cracking Project:/home/francois/.mozilla/firefox/7ozfo0jj.default/zotero/storage/A9NHRC4H/2015.en.html:text/html}
}

@misc{hulton_intercepting_2008,
	address = {Los Angeles},
	note = {LayerOne, Los Angeles, USA},
	title = {Intercepting {Mobile} {Phone}/{GSM} {Traffic}},
	author = {Hulton, David},
	month = may,
	year = {2008},
	file = {LayerOne 2015 | LayerOne 2008:/home/francois/.mozilla/firefox/7ozfo0jj.default/zotero/storage/CKHPSHJE/layerone-2008.html:text/html}
}

@misc{the_grugq_base_2010,
	address = {Las Vegas},
	note = {Black Hat USA, Las Vegas, USA},
	title = {Base {Jumping}: {Attacking} {GSM} {Base} {Station} {Systems} and mobile phone {Base} {Bands}},
	author = {The Grugq},
	month = jul,
	year = {2010},
	file = {Black Hat ® Technical Security Conference\: USA 2010 // Briefings:/home/francois/.mozilla/firefox/7ozfo0jj.default/zotero/storage/USV6HVVK/bh-us-10-briefings.html:text/html}
}

@misc{welte_airprobe:_2009,
	note = {Hacking At Random, Vierhouten, Netherlands},
	title = {Airprobe: {Monitoring} {GSM} traffic with {USRP}},
	author = {Welte, Harald},
	month = aug,
	year = {2009},
	file = {▶ HAR 2009\: Airprobe 1/6 - YouTube:/home/francois/.mozilla/firefox/7ozfo0jj.default/zotero/storage/H67P4MDN/watch.html:text/html}
}

@misc{project_????,
	title = {Project {Blacksphere}},
	howpublished = {\url{http://www.nokix.pasjagsm.pl/help/blacksphere/sub_050main.htm}},
	note = {Accessed: 2015-05-04},
	file = {Project Blacksphere:/home/francois/.mozilla/firefox/7ozfo0jj.default/zotero/storage/WXGUBS2Z/sub_050main.html:text/html}
}

@misc{copacobana_????,
	title = {{COPACOBANA} - {Special}-{Purpose} {Hardware} for {Code}-{Breaking}},
	howpublished = {\howpublished{\url{http://www.copacobana.org/}}},
	note = {Accessed: 2015-05-04},
	file = {COPACOBANA - Special-Purpose Hardware for Code-Breaking:/home/francois/.mozilla/firefox/7ozfo0jj.default/zotero/storage/QT99J4PW/www.copacobana.org.html:text/html;COPACOBANA - Special-Purpose Hardware for Code-Breaking:/home/francois/.mozilla/firefox/7ozfo0jj.default/zotero/storage/HFAZ6GQ9/faq.html:text/html}
}

@misc{srlabs_gprs_????,
	title = {{GPRS} {Sniffing} {Tutorial}},
	howpublished = {\url{https://srlabs.de/gprs}},
	note = {Accessed: 2015-06-06},
	author = {Security Research Labs},
	file = {GPRS Sniffing Tutorial | Security Research Labs:/home/francois/.mozilla/firefox/7ozfo0jj.default/zotero/storage/XRJ6JSU8/gprs.html:text/html}
}

@mastersthesis{glendrange_decoding_2010,
	address = {Trondheim, Norway},
	title = {Decoding {GSM}},
	school = {Norwegian University of Science and Technology},
	author = {Glendrange, Magnus and Hove, Kristian and Hvideberg, Espen},
	month = jun,
	year = {2010},
	file = {Decoding GSM - Decoding GSM.pdf:/home/francois/.mozilla/firefox/7ozfo0jj.default/zotero/storage/6BXS6Q8X/Decoding GSM.pdf:application/pdf}
}

@mastersthesis{torjus,
	address = {Trondheim, Norway},
	title = {Base {Station} {Security} {Experiments} {Using} {USRP}},
	school = {Norwegian University of Science and Technology},
	author = {Torjus B. Retterstøl},
	month = jun,
	year = {2015},
}

@misc{nohl_subverting_2009,
	address = {Hacking At Random},
	note = {Hacking At Random, Vierhouten, Netherlands},
	title = {Subverting the security base of {GSM}},
	author = {Nohl, Karsten and Krissler, Sascha},
	month = aug,
	year = {2009},
	file = {HAR 2009\: Cracking A5 GSM encryption 1/5 - YouTube:/home/francois/.mozilla/firefox/7ozfo0jj.default/zotero/storage/HP5D3Q3S/watch.html:text/html}
}

@misc{nohl_gsm:_2009,
	address = {Berlin},
	note = {26th Chaos Communication Congress, Berlin, Germany},
	title = {{GSM}: {SRSLY}?},
	author = {Nohl, Karsten and Paget, Chris},
	month = dec,
	year = {2009},
	file = {26C3\: GSM\: SRSLY?:/home/francois/.mozilla/firefox/7ozfo0jj.default/zotero/storage/UQTEMM5D/3654.en.html:text/html}
}

@misc{nohl_gsm_2010,
	address = {Vienna},
	note = {DeepSec, Vienna, Austria},
	title = {{GSM} {Debugging}},
	author = {Nohl, Karsten and Spaar, Dieter},
	month = nov,
	year = {2010},
	file = {Schedule - DeepSec IDSC 2010 Europe - Vienna, November 23-26, 2010:/home/francois/.mozilla/firefox/7ozfo0jj.default/zotero/storage/2Z2EMHAF/speaker.html:text/html}
}

@misc{nohl_breaking_2010,
	address = {Las Vegas},
	note = {Black Hat USA, Las Vegas, USA},
	title = {Breaking {GSM} phone privacy},
	author = {Nohl, Karsten},
	month = jul,
	year = {2010},
	file = {Do not trust your phone. - 100729.Breaking.GSM_.Privacy.BlackHat1.pdf:/home/francois/.mozilla/firefox/7ozfo0jj.default/zotero/storage/8QQENJJI/100729.Breaking.GSM_.Privacy.BlackHat1.pdf:application/pdf}
}

@misc{paget_practical_2010,
	address = {Las Vegas},
	note = {Defcon 18, Las Vegas, USA},
	title = {Practical {Cellphone} {Spying}},
	author = {Paget, Chris},
	month = jul,
	year = {2010},
	file = {DEF CON® 18 Hacking Conference - Speakers:/home/francois/.mozilla/firefox/7ozfo0jj.default/zotero/storage/IVP63USC/dc-18-speakers.html:text/html}
}

@misc{anderson_a5_1994,
	title = {A5 ({Was}: {HACKING} {DIGITAL} {PHONES}). {Posted} on sci.crypt, alt.security, uk.telecom.},
	howpublished = {\url{https://groups.google.com/forum/#!topic/sci.crypt/TkdCaytoeU4}},
	note = {Accessed: 2015-05-06},
	author = {Anderson, Ross},
	month = jun,
	year = {1994},
	file = {A5 (Was\: HACKING DIGITAL PHONES) - Google Groups:/home/francois/.mozilla/firefox/7ozfo0jj.default/zotero/storage/E84SXA5D/forum.html:text/html}
}

@misc{briceno_pedagogical_1999,
	title = {A pedagogical implementation of the {GSM} {A}5/1 and {A}5/2 "voice privacy" encryption algorithms},
	howpublished = {\url{http://cryptome.org/gsm-a512.htm}},
	note = {Accessed: 2015-05-06},
	author = {Briceno, Marc and Goldberg, Ian and Wagner, David},
	year = {1999},
	file = {GSM A5/2 Published:/home/francois/.mozilla/firefox/7ozfo0jj.default/zotero/storage/PIT6Z4QI/gsm-a512.html:text/html}
}

@incollection{barkan_instant_2003,
	title = {Instant ciphertext-only cryptanalysis of {GSM} encrypted communication},
	howpublished = {\url{http://link.springer.com/chapter/10.1007/978-3-540-45146-4_35}},
	booktitle = {Advances in {Cryptology}-{CRYPTO} 2003},
	publisher = {Springer},
	author = {Barkan, Elad and Biham, Eli and Keller, Nathan},
	year = {2003},
	pages = {600--616},
	file = {LNCS 2729 - Instant Ciphertext-Only Cryptanalysis of GSM Encrypted Communication - biham_gsm.pdf:/home/francois/.mozilla/firefox/7ozfo0jj.default/zotero/storage/4W2H8GT5/biham_gsm.pdf:application/pdf}
}

@incollection{kumar_breaking_2006,
	title = {Breaking ciphers with {COPACOBANA}–a cost-optimized parallel code breaker},
	howpublished = {\url{http://link.springer.com/chapter/10.1007/11894063_9}},
	booktitle = {Cryptographic {Hardware} and {Embedded} {Systems}-{CHES} 2006},
	publisher = {Springer},
	author = {Kumar, Sandeep and Paar, Christof and Pelzl, Jan and Pfeiffer, Gerd and Schimmler, Manfred},
	year = {2006},
	pages = {101--118},
	file = {09.pdf:/home/francois/.mozilla/firefox/7ozfo0jj.default/zotero/storage/VK56REB3/09.pdf:application/pdf}
}

@misc{welte_announcing_2010,
	title = {Announcing project {OsmocomBB}: {Open} {Source} {GSM} {Stack}},
	howpublished = {\url{https://lwn.net/Articles/375297/}},
	note = {Accessed: 2015-05-07},
	author = {Welte, Harald},
	month = feb,
	year = {2010},
	file = {Announcing project OsmocomBB\: Open Source GSM Stack [LWN.net]:/home/francois/.mozilla/firefox/7ozfo0jj.default/zotero/storage/VSQE7K9P/375297.html:text/html}
}

@misc{welte_osmocombb:_2010,
	address = {Lucerne, Switzerland},
	note = {Hashdays, Lucerne, Switzerland},
	title = {{OsmocomBB}: {A} tool for {GSM} protocol level security analysis of {GSM} networks},
	author = {Welte, Harald},
	month = nov,
	year = {2010},
	file = {#days Security Conference\: Harald Welte - OsmocomBB\: GSM protocol level security in GSM networks - YouTube:/home/francois/.mozilla/firefox/7ozfo0jj.default/zotero/storage/S42QJHZG/watch.html:text/html}
}

@misc{munaut_cheap_2010,
	address = {Vienna},
	note = {DeepSec, Vienna, Austria},
	title = {Cheap {DOS} and intercepts on {GSM}},
	author = {Munaut, Sylvain},
	month = nov,
	year = {2010},
	file = {Deepsec - Targeted DOS Attack and various fun with GSM Um - YouTube:/home/francois/.mozilla/firefox/7ozfo0jj.default/zotero/storage/ITRHCDQA/watch.html:text/html}
}

@misc{stevenson_[a51]_2010-1,
	title = {[{A}51] {Announcing} "{Berlin} {A}5/1 rainbow table set."},
	howpublished = {\url{https://lists.srlabs.de/pipermail/a51/2010-June/000657.html}},
	note = {Accessed: 2015-05-07},
	author = {Stevenson, Frank A.},
	month = jun,
	year = {2010},
	file = {[A51] Announcing "Berlin A5/1 rainbow table set.":/home/francois/.mozilla/firefox/7ozfo0jj.default/zotero/storage/E63G3QUH/000657.html:text/html}
}

@misc{nohl_mobile_2014,
	address = {Hamburg},
	note = {31st Chaos Communication Congress, Hamburg, Germany},
	title = {Mobile self-defense},
	author = {Nohl, Karsten},
	month = dec,
	year = {2014},
	file = {Schedule 31. Chaos Communication Congress:/home/francois/.mozilla/firefox/7ozfo0jj.default/zotero/storage/3A459FB2/6122.html:text/html}
}

@misc{engel_ss7:_2014,
	address = {Hamburg},
	note = {31st Chaos Communication Congress, Hamburg, Germany},
	title = {{SS}7: {Locate}. {Track}. {Manipulate}.},
	author = {Engel, Tobias},
	month = dec,
	year = {2014},
	file = {Schedule 31. Chaos Communication Congress:/home/francois/.mozilla/firefox/7ozfo0jj.default/zotero/storage/7S3D52TB/6249.html:text/html}
}

@article{timberg_for_2014,
	title = {For sale: {Systems} that can secretly track where cellphone users go around the globe},
	howpublished = {\url{http://www.washingtonpost.com/business/technology/for-sale-systems-that-can-secretly-track-where-cellphone-users-go-around-the-globe/2014/08/24/f0700e8a-f003-11e3-bf76-447a5df6411f_story.html}},
	journal = {The Washington Post},
	author = {Timberg, Craig},
	month = dec,
	year = {2014},
	file = {For sale\: Systems that can secretly track where cellphone users go around the globe - The Washington Post:/home/francois/.mozilla/firefox/7ozfo0jj.default/zotero/storage/SP334XJ3/f0700e8a-f003-11e3-bf76-447a5df6411f_story.html:text/html}
}

@inproceedings{golic_cryptanalysis_1997,
	title = {Cryptanalysis of alleged {A}5 stream cipher},
	howpublished = {\url{http://link.springer.com/chapter/10.1007/3-540-69053-0_17}},
	booktitle = {Advances in {Cryptology}—{EUROCRYPT}’97},
	publisher = {Springer},
	author = {Golić, Jovan Dj.},
	year = {1997},
	pages = {239--255},
	file = {LNCS 1233 - Cryptanalysis of Alleged A5 Stream Cipher - golic97A5.pdf:/home/francois/.mozilla/firefox/7ozfo0jj.default/zotero/storage/AFGZ5FC2/golic97A5.pdf:application/pdf}
}

@patent{bott_patent_2003,
	title = {Patent {EP}1051053B1 - {Method} for identifying a mobile phone user or for eavesdropping on outgoing calls},
	howpublished = {\url{https://www.google.com/patents/EP1051053B1?cl=en}},
	author = {Bott, Rainer and Frick, Joachim},
	month = jul,
	year = {2003},
	file = {Patent EP1051053B1 - Method for identifying a mobile phone user or for eavesdropping on outgoing ... - Google Patents:/home/francois/.mozilla/firefox/7ozfo0jj.default/zotero/storage/TV8JIUJJ/EP1051053B1.html:text/html}
}

@misc{munaut_abusing_????,
	title = {Abusing {Calypso} phones},
	howpublished = {\url{http://people.osmocom.org/tnt/talks/phdays2012-abusing-calypso-phones.pdf}},
	author = {Munaut, Sylvain},
	file = {Abusing Calypso phones - phdays2012-abusing-calypso-phones.pdf:/home/francois/.mozilla/firefox/7ozfo0jj.default/zotero/storage/35PQACUZ/phdays2012-abusing-calypso-phones.pdf:application/pdf}
}

@misc{munaut_further_2012,
	address = {Hamburg},
	note = {29th Chaos Communication Congress, Hamburg, Germany},
	title = {Further hacks on the {Calypso} platform},
	author = {Munaut, Sylvain},
	month = dec,
	year = {2012},
	file = {29C3\: Further hacks on the Calypso platform:/home/francois/.mozilla/firefox/7ozfo0jj.default/zotero/storage/5URNAGJ8/5226.en.html:text/html}
}

@misc{engel_locating_2008,
	address = {Berlin},
	note = {25th Chaos Communication Congress, Berlin, Germany},
	title = {Locating {Mobile} {Phones} using {SS}7},
	author = {Engel, Tobias},
	month = dec,
	year = {2008},
	file = {25C3\: Locating Mobile Phones using SS7:/home/francois/.mozilla/firefox/7ozfo0jj.default/zotero/storage/GH2MGIZC/2997.en.html:text/html}
}

@misc{golde_sms-o-death:_2011,
	address = {CanSecWest 2011},
	note = {CanSecWest, Vancouver, Canada},
	title = {{SMS}-o-{Death}: from analyzing to attacking mobile phones on a large scale},
	author = {Golde, Nico and Mulliner, Collin},
	month = mar,
	year = {2011},
	file = {SMS-o-Death\: from analyzing to attacking mobile phones on a large scale - smsodeath_mulliner_golde_cansecwest2011.pdf:/home/francois/.mozilla/firefox/7ozfo0jj.default/zotero/storage/KH29X4I8/smsodeath_mulliner_golde_cansecwest2011.pdf:application/pdf}
}

@misc{spaar_practical_2009,
	address = {Vienna},
	note = {DeepSec, Vienna, Austria},
	title = {A practical {DoS} attack to the {GSM} network},
	author = {Spaar, Dieter},
	month = nov,
	year = {2009},
	file = {GSM-DoS-Attack_Dieter_Spaar.pdf:/home/francois/.mozilla/firefox/7ozfo0jj.default/zotero/storage/SPF6M2ZZ/GSM-DoS-Attack_Dieter_Spaar.pdf:application/pdf}
}

@mastersthesis{suraev_denial--service_2011,
	address = {Trondheim, Norway},
	title = {Denial-of-service attack resilience of the {GSM} access network.},
	school = {Norwegian University of Science and Technology},
	author = {Suraev, Maxim},
	month = jun,
	year = {2011},
	file = {FULLTEXT01.pdf:/home/francois/.mozilla/firefox/7ozfo0jj.default/zotero/storage/4UCWSATM/FULLTEXT01.pdf:application/pdf}
}

@mastersthesis{recas_de_buen_security_2011,
	title = {Security aspects on the signaling and data-plane in 2G/3G networks},
	howpublished = {\url{http://publik.tuwien.ac.at/files/PubDat_203894.pdf}},
	school = {Technical University of Vienna},
	author = {Recas de Buen, Elena},
	month = nov,
	year = {2011},
	file = {PubDat_203894.pdf:/home/francois/.mozilla/firefox/7ozfo0jj.default/zotero/storage/9GVZJNBQ/PubDat_203894.pdf:application/pdf}
}

@inproceedings{golde_let_2013,
	address = {Washington, D.C., USA},
	title = {Let {Me} {Answer} {That} {For} you: {Exploiting} {Broadcast} {Information} in {Cellular} {Networks}},
	publisher = {USENIX Association},
	author = {Golde, Nico and Redon, Kévin and Seifert, Jean-Pierr},
	month = aug,
	year = {2013},
	file = {() - usenix2013.pdf:/home/francois/.mozilla/firefox/7ozfo0jj.default/zotero/storage/UMXPF7VG/usenix2013.pdf:application/pdf}
}

@misc{golde_let_2012,
	address = {CCH Congress Center Hamburg, Germany},
	note = {29th Chaos Communication Congress, Berlin, Germany},
	title = {Let {Me} {Answer} {That} for {You}},
	author = {Golde, Nico},
	month = dec,
	year = {2012},
	file = {29C3\: Let Me Answer That for You:/home/francois/.mozilla/firefox/7ozfo0jj.default/zotero/storage/8HBACF4V/5216.en.html:text/html}
}

@misc{sharing_????,
	title = {Sharing {TSM}30 source},
	howpublished = {\url{http://lists.openmoko.org/pipermail/community/2011-November/065731.html}},
	note = {Accessed: 2015-05-10},
	file = {Sharing TSM30 source:/home/francois/.mozilla/firefox/7ozfo0jj.default/zotero/storage/NXJC6A8F/065731.html:text/html}
}

@misc{security_research_labs_mobile_2015-1,
	title = {Mobile network security report: {Belgium}},
	howpublished = {\url{http://gsmmap.org/assets/pdfs/gsmmap.org-country_report-Belgium-2015-02.pdf}},
	note = {Accessed: 2015-05-23},
	author = {Security Research Labs},
	month = feb,
	year = {2015},
	file = {Mobile network security report\: Belgium - gsmmap.org-country_report-Belgium-2015-02.pdf:/home/francois/.mozilla/firefox/7ozfo0jj.default/zotero/storage/HTRJF27Z/gsmmap.org-country_report-Belgium-2015-02.pdf:application/pdf}
}

@misc{security_research_labs_gsm_????,
	title = {{GSM} {Security} {Map}},
	howpublished = {\url{http://gsmmap.org/}},
	note = {Accessed: 2015-05-24},
	author = {Security Research Labs},
	file = {GSM Security Map:/home/francois/.mozilla/firefox/7ozfo0jj.default/zotero/storage/CV2SFF2J/gsmmap.org.html:text/html}
}

@misc{golde_paging_2013,
	title = {Paging race condition patch},
	howpublished = {\url{http://users.sec.t-labs.tu-berlin.de/~nico/fun_with_paging_4f0acac4c1fa538082f54cb14bef0841aa9c8abb.diff}},
	note = {Accessed: 2015-05-24},
	author = {Golde, Nico and Redon, Kévin},
	month = mar,
	year = {2013},
	file = {unregistering - Google Search:/home/francois/.mozilla/firefox/7ozfo0jj.default/zotero/storage/WZGADX6H/search.html:text/html}
}

@misc{golde_let_2013-1,
	address = {Heidelberg},
	note = {TROOPERS13, Heidelberg, Germany},
	title = {Let {Me} {Answer} {That} for {You} - adventures in mobile paging},
	author = {Golde, Nico and Redon, Kévin},
	month = mar,
	year = {2013},
	file = {Let Me Answer That for You - adventures in mobile paging - TROOPERS13-Attacking_mobile-terminated_services_in_GSM-Nico_Golde.pdf:/home/francois/.mozilla/firefox/7ozfo0jj.default/zotero/storage/6KAZKUBH/TROOPERS13-Attacking_mobile-terminated_services_in_GSM-Nico_Golde.pdf:application/pdf}
}

@article{kune_location_2012,
	title = {Location leaks on the {GSM} {Air} {Interface}},
	howpublished = {\url{http://m.osslab.org.tw/@api/deki/files/2980/=fookune_ndss_gsm.pdf}},
	journal = {ISOC NDSS (Feb 2012)},
	author = {Kune, Denis Foo and Koelndorfer, John and Hopper, Nicholas and Kim, Yongdae},
	year = {2012},
	file = {celluloc.pdf:/home/francois/.mozilla/firefox/7ozfo0jj.default/zotero/storage/GTS324B6/celluloc.pdf:application/pdf}
}

@misc{welte_anatomy_2010,
	title = {Anatomy of contemporary {GSM} cellphone hardware},
	howpublished = {\url{ftp://ftp.ifctf.org/GSM/gsm_phone_anatomy.pdf}},
	note = {Accessed: 2015-06-03},
	author = {Welte, Harald},
	month = apr,
	year = {2010},
	file = {gsm_phone_anatomy.pdf:/home/francois/.mozilla/firefox/7ozfo0jj.default/zotero/storage/8MZN3N9B/gsm_phone_anatomy.pdf:application/pdf}
}

@misc{osmocombb_ms-side_????,
	title = {{MS}-side {GSM} {Protocol} stack ({L}1, {L}2, {L}3) including firmware},
	howpublished = {\url{http://cgit.osmocom.org/osmocom-bb/}},
	note = {Accessed: 2015-06-03},
	author = {OsmocomBB},
	file = {osmocom-bb - OsmocomBB MS-side GSM Protocol stack (L1, L2, L3) including firmware:/home/francois/.mozilla/firefox/7ozfo0jj.default/zotero/storage/6MH78RR7/osmocom-bb.html:text/html}
}

@misc{welte_osmocombb:_2010-1,
	address = {Berlin},
	note = {27th Chaos Communication Congress, Berlin, Germany},
	title = {{OsmocomBB}: {Running} your own {GSM} stack on a phone},
	author = {Welte, Harald and Markgraf, Steve},
	month = dec,
	year = {2010},
	file = {27C3\: Running your own GSM stack on a phone:/home/francois/.mozilla/firefox/7ozfo0jj.default/zotero/storage/W3M5D3D4/3952.en.html:text/html}
}

@misc{hlr_lookup,
	title = {Enterprise HLR Lookup Portal and API},
	howpublished = {\url{https://www.hlr-lookups.com/}},
	note = {Accessed: 2015-06-06},
	author = {Velocity Made Good Ltd.},
}
